<record><leader>00000cas a22000007a 4500</leader><controlfield tag="001">16107376</controlfield><controlfield tag="008">870630d19201974iauwr ne      0    0eng d</controlfield><datafield ind1=" " ind2=" " tag="010"><subfield code="a">sn 87057982 </subfield></datafield><datafield ind1=" " ind2=" " tag="040"><subfield code="a">INP</subfield><subfield code="b">eng</subfield><subfield code="c">INP</subfield><subfield code="d">OCLCQ</subfield></datafield><datafield ind1=" " ind2=" " tag="042"><subfield code="a">msc</subfield></datafield><datafield ind1="0" ind2=" " tag="130"><subfield code="a">Allison tribune (Allison, Iowa : 1920)</subfield></datafield><datafield ind1="1" ind2="4" tag="245"><subfield code="a">The Allison tribune.</subfield></datafield><datafield ind1="3" ind2="0" tag="246"><subfield code="a">Butler County tribune journal</subfield></datafield><datafield ind1=" " ind2=" " tag="260"><subfield code="a">Allison, Iowa :</subfield><subfield code="b">A.J. Kirkpatrick,</subfield><subfield code="c">1920-1974.</subfield></datafield><datafield ind1=" " ind2=" " tag="300"><subfield code="a">55 v.</subfield></datafield><datafield ind1=" " ind2=" " tag="310"><subfield code="a">Weekly</subfield></datafield><datafield ind1="0" ind2=" " tag="362"><subfield code="a">Vol. 39, no. 17 (Dec. 9, 1920)-v. 93, no. 26 (Dec. 4, 1974).</subfield></datafield><datafield ind1=" " ind2=" " tag="500"><subfield code="a">Publisher varies.</subfield></datafield><datafield ind1=" " ind2=" " tag="752"><subfield code="a">United States</subfield><subfield code="b">Iowa</subfield><subfield code="c">Butler</subfield><subfield code="d">Allison.</subfield></datafield><datafield ind1="0" ind2="1" tag="780"><subfield code="t">Butler County tribune-journal (Allison, Iowa : 1920)</subfield><subfield code="w">(DLC)sn 87057448</subfield></datafield><datafield ind1="0" ind2="7" tag="785"><subfield code="t">Dumont journal (Dumont, Iowa : 1920)</subfield><subfield code="w">(DLC)sn 90055015</subfield></datafield><datafield ind1="0" ind2="7" tag="785"><subfield code="t">Butler County tribune-journal (Allison, Iowa : 1974)</subfield><subfield code="w">(DLC)sn 87057983</subfield></datafield></record>